@book{alma991013963162704990,
author = {Edgar, Gerald.},
address = {New York, NY},
edition = {2nd ed. 2008.},
isbn = {0-387-74749-4},
keywords = {Functions of real variables},
language = {eng},
publisher = {Springer New York},
series = {Undergraduate Texts in Mathematics},
title = {Measure, Topology, and Fractal Geometry},
year = {2008}
}

@book{alma991007242979704990,
author = {Mandelbrot, Benoit B.},
address = {New York},
booktitle = {The Fractal geometry of nature},
isbn = {0716711869},
keywords = {Geometr√≠a},
language = {eng},
publisher = {Freeman},
title = {The Fractal geometry of nature },
year = {1983},
}